<?xml version="1.0" encoding="UTF-8"?><collection xmlns="http://www.loc.gov/MARC21/slim"><record><leader>00481nam--2200181-i-4500</leader><controlfield tag="001">000049624</controlfield><controlfield tag="002">20161230</controlfield><controlfield tag="005">20161230201047</controlfield><controlfield tag="008">060222s1000------------r-----000-0-rus-d</controlfield><datafield ind1=" " ind2=" " tag="040"><subfield code="a">IFIN-HH</subfield></datafield><datafield ind1=" " ind2=" " tag="041"><subfield code="a">rus</subfield></datafield><datafield ind1=" " ind2=" " tag="080"><subfield code="a">539.172.3:530.145.6</subfield></datafield><datafield ind1="1" ind2=" " tag="100"><subfield code="a">Apanasevich,P.A</subfield></datafield><datafield ind1="1" ind2="0" tag="245"><subfield code="a">Osnovy teorii vzaimodeistviia sveta s veshchestvom</subfield><subfield code="c">P.a. apanasevich</subfield></datafield><datafield ind1=" " ind2=" " tag="260"><subfield code="a">Minsk</subfield><subfield code="b">Nauka I Tehnika</subfield><subfield code="c">1977</subfield></datafield><datafield ind1=" " ind2=" " tag="300"><subfield code="a">494 S</subfield></datafield><datafield ind1=" " ind2=" " tag="852"><subfield code="a">45775</subfield><subfield code="c">539.17</subfield></datafield><datafield ind1=" " ind2=" " tag="CAT"><subfield code="a">Sys</subfield><subfield code="c">20120618</subfield><subfield code="h">131034</subfield></datafield></record></collection>